<record><leader>00000cas a22000007a 4500</leader><controlfield tag="001">15744281</controlfield><controlfield tag="008">870528d19171919iauwr ne      0    0eng d</controlfield><datafield ind1=" " ind2=" " tag="010"><subfield code="a">sn 87057170 </subfield></datafield><datafield ind1=" " ind2=" " tag="040"><subfield code="a">INP</subfield><subfield code="b">eng</subfield><subfield code="c">INP</subfield><subfield code="d">NYS</subfield><subfield code="d">OCLCQ</subfield><subfield code="d">OCLCF</subfield><subfield code="d">OCLCO</subfield><subfield code="d">OCL</subfield></datafield><datafield ind1=" " ind2=" " tag="042"><subfield code="a">msc</subfield></datafield><datafield ind1="0" ind2="4" tag="245"><subfield code="a">The Camp Dodger.</subfield></datafield><datafield ind1=" " ind2=" " tag="260"><subfield code="a">Camp Dodge, Iowa :</subfield><subfield code="b">[s.n.],</subfield><subfield code="c">1917-1919.</subfield></datafield><datafield ind1=" " ind2=" " tag="300"><subfield code="a">2 v.</subfield></datafield><datafield ind1=" " ind2=" " tag="310"><subfield code="a">Weekly</subfield></datafield><datafield ind1="0" ind2=" " tag="362"><subfield code="a">Vol. 1, no. 1 (Sept. 21, 1917)-v. 2, no. 20 (Jan. 31, 1919).</subfield></datafield><datafield ind1=" " ind2=" " tag="550"><subfield code="a">"Official Organ of the 88th Division, U.S.N.A."</subfield></datafield><datafield ind1=" " ind2="0" tag="650"><subfield code="a">World War, 1914-1918</subfield><subfield code="v">Newspapers.</subfield></datafield><datafield ind1=" " ind2="4" tag="651"><subfield code="a">United States</subfield><subfield code="x">Armed Forces</subfield><subfield code="z">Iowa</subfield><subfield code="v">Newspapers.</subfield></datafield><datafield ind1="2" ind2="7" tag="611"><subfield code="a">World War (1914-1918)</subfield><subfield code="2">fast</subfield><subfield code="0">(OCoLC)fst01180746</subfield></datafield><datafield ind1=" " ind2="7" tag="648"><subfield code="a">1914-1918</subfield><subfield code="2">fast</subfield></datafield><datafield ind1=" " ind2="7" tag="655"><subfield code="a">Newspapers.</subfield><subfield code="2">fast</subfield><subfield code="0">(OCoLC)fst01423814</subfield></datafield><datafield ind1="1" ind2=" " tag="710"><subfield code="a">United States.</subfield><subfield code="b">Army.</subfield><subfield code="b">88th Division.</subfield></datafield><datafield ind1=" " ind2=" " tag="752"><subfield code="a">United States</subfield><subfield code="b">Iowa</subfield><subfield code="c">Polk</subfield><subfield code="d">Camp Dodge.</subfield></datafield><datafield ind1="1" ind2=" " tag="775"><subfield code="t">Camp Dodger (Overseas ed.)</subfield><subfield code="w">(DLC)sn 87057596</subfield></datafield><datafield ind1="1" ind2=" " tag="029"><subfield code="a">AU@</subfield><subfield code="b">000025830819</subfield></datafield></record>